@article{weiser,
    author =       "Mark Weiser",
    title =        "The Computer for the 21st Century",
    journal =      "SCIENTIFIC AMERICAN",
    volume =       "",
    number =       "",
    pages =        "94--104",
    year =         "1991",
    DOI =          "https://www.lri.fr/~mbl/Stanford/CS477/papers/Weiser-SciAm.pdf"
}

@book{asoke,
    author    = "Asoke K Talukder and Hasan Ahmed and Roopa R Yavagal",
    title     = "Mobile Computing. Technology, Applications and Service Creation",
    year      = "2010",
    publisher = "McGraw Hill",
     address   = ""
}

@book{latham,
	author = "Lawrence Latham",
	title = "GPS fácil, Uso del sistema de posicionamiento global",
	year = "2001",
	publisher = "Editorial Paidotribo",
	address = "Consejo de Ciento, 245 bis, 1ro 1ra 08011 Barcelona, España"
}

@misc{internetPenetration,
    author    = "Miniwatts Marketing Group",
    title     = "Internet World penetration rates by Geographic Regions",
    url       = "https://www.internetworldstats.com/stats.html"
}

@misc{findmyfriends,
    author    = "Apple Inc.",
    title     = "Find My Friends",
    url       = "https://apps.apple.com/us/app/find-my-friends/id466122094#?platform=iphone"
}

@article{zafirKhan,
    author =       "Kunal Dua",
    title =        "WhatsApp Live Location Sharing Launched: Here's How It Works",
    journal =      "Gadgets 360",
    volume =       "",
    number =      "",
    pages =        "",
    year =         "2017",
    DOI =          "https://gadgets.ndtv.com/apps/news/whatsapp-live-location-sharing-feature-tracking-apk-android-how-to-get-it-1764236"
}

@article{copp,
    author =       "Emily Copp",
    title =        "WhatsApp Live Location Sharing Launched: Here's How It Works",
    journal =      "Hootsuite",
    volume =       "",
    number =      "",
    pages =        "",
    year =         "2018",
    DOI =          "https://blog.hootsuite.com/social-media-trends/"
}

@article{kemp,
    author =       "Simon Kemp",
    title =        "The Global State of Digital in 2019 Report, Global Report (Q2 Update)",
    journal =      "Global Digital YearBook, Hootsuite",
    volume =       "",
    number =      "81",
    pages =        "221",
    year =         "2019",
    DOI =          "https://hootsuite.com/pages/digital-in-2019#accordion-115547"
}